@online{analog1,
		author = {Jeff Watson and Gustavo Castro},
		title = {High-Temperature Electronics Pose Design and Reliability Challenges},
		year = {2012},
		url = {http://www.analog.com/en/analog-dialogue/articles/high-temperature-electronic-pose-design-challenges.html},
		}